@article{1994,
  title={Uninsured idiosyncratic risk and aggregate saving},
  author={Aiyagari, S Rao},
  journal={The Quarterly Journal of Economics},
  volume={109},
  number={3},
  pages={659--684},
  year={1994},
  publisher={MIT Press}
}