

,-------------------.
|     PREAMBLE      |
`-------------------'

@preamble{ "\providecommand{\noopsort}[1]{}
           \providecommand{\singleletter}[1]{#1}
           \providecommand{\noopsort}[1]{}
           \providecommand{\singleletter}[1]{#1} "
}

,-------------------.
|  BIBTEX ENTRIES   |
`-------------------'

@article{Mcgrattan,
  author =        {Aiyagari, S. Rao and McGrattan, Ellen R.},
  journal =       {Journal of Monetary Economics},
  number =        {1},
  pages =         {447--469},
  publisher =     {Elsevier},
  title =         {The Optimum Quantity of Debt},
  volume =        {42},
  year =          {1998},
}


@article{Aiyagari1994,
  author =        {Aiyagari, S. Rao},
  journal =       {Quarterly Journal of Economics},
  number =        {3},
  pages =         {659--84},
  publisher =     {Oxford University Press},
  title =         {Uninsured Idiosyncratic Risk and Aggregate Savings},
  volume =        {109},
  year =          {1994},
}

