@article{LiqConstr,
author = {Christopher D. Carroll and Martin B. Holm and Miles S. Kimball},
title  = {Liquidity Constraints and Precautionary Saving},
journal= {Manuscript},
year   = {2020},
#url    = {https://llorracc.github.io/LiqConstr},
doi    = {}
}
